<?xml version="1.0" encoding="UTF-8"?><collection xmlns="http://www.loc.gov/MARC21/slim"><record><leader>00405nam--2200133-i-4500</leader><controlfield tag="001">000021455</controlfield><controlfield tag="002">20161230</controlfield><controlfield tag="005">20161230201034</controlfield><controlfield tag="008">060222s1000------------r-----000-0-eng-d</controlfield><datafield ind1=" " ind2=" " tag="080"><subfield code="a">538.561</subfield></datafield><datafield ind1=" " ind2=" " tag="100"><subfield code="a">Groszkowski, Janusz</subfield></datafield><datafield ind1=" " ind2=" " tag="245"><subfield code="a">Generarea oscilatiilor de inalta frecventa si stabilizarea frecventei. traducere din limba polona</subfield></datafield><datafield ind1=" " ind2=" " tag="260"><subfield code="a">Bucuresti, Edit. Tehnica, 1964. 444p. Cu Fig</subfield></datafield><datafield ind1=" " ind2=" " tag="852"><subfield code="a">4540</subfield></datafield></record></collection>